<record><leader>00000cas a22000007a 4500</leader><controlfield tag="001">9764507</controlfield><controlfield tag="008">830801d18501850mauwr ne      0    0eng d</controlfield><datafield ind1=" " ind2=" " tag="010"><subfield code="a">sn 83021052 </subfield></datafield><datafield ind1=" " ind2=" " tag="040"><subfield code="a">NPX</subfield><subfield code="b">eng</subfield><subfield code="c">NPX</subfield><subfield code="d">NPV</subfield><subfield code="d">NPU</subfield><subfield code="d">OCLCG</subfield><subfield code="d">TOH</subfield><subfield code="d">OCLCF</subfield><subfield code="d">OCLCO</subfield></datafield><datafield ind1="1" ind2=" " tag="029"><subfield code="a">AU@</subfield><subfield code="b">000025800483</subfield></datafield><datafield ind1=" " ind2=" " tag="042"><subfield code="a">msc</subfield></datafield><datafield ind1=" " ind2=" " tag="043"><subfield code="a">n-us-ma</subfield></datafield><datafield ind1="0" ind2=" " tag="130"><subfield code="a">American Celt (Boston, Mass.)</subfield></datafield><datafield ind1="0" ind2="4" tag="245"><subfield code="a">The American Celt.</subfield></datafield><datafield ind1=" " ind2=" " tag="260"><subfield code="a">Boston [Mass. :</subfield><subfield code="b">s.n.],</subfield><subfield code="c">1850.</subfield></datafield><datafield ind1=" " ind2=" " tag="300"><subfield code="a">1 v. ;</subfield><subfield code="c">51 cm.</subfield></datafield><datafield ind1=" " ind2=" " tag="310"><subfield code="a">Weekly</subfield></datafield><datafield ind1="0" ind2=" " tag="362"><subfield code="a">Vol. 1, no. 1 (Aug. 31, 1850)-v. 1, no. 18 (Dec. 28, 1850).</subfield></datafield><datafield ind1=" " ind2=" " tag="500"><subfield code="a">Paged continuously within volume.</subfield></datafield><datafield ind1=" " ind2=" " tag="500"><subfield code="a">Editor: T.D. McGee, 1850.</subfield></datafield><datafield ind1=" " ind2="0" tag="650"><subfield code="a">Celts</subfield><subfield code="z">United States</subfield><subfield code="x">Periodicals.</subfield></datafield><datafield ind1=" " ind2="7" tag="655"><subfield code="a">Periodicals.</subfield><subfield code="2">fast</subfield><subfield code="0">(OCoLC)fst01411641</subfield></datafield><datafield ind1=" " ind2="7" tag="650"><subfield code="a">Celts.</subfield><subfield code="2">fast</subfield><subfield code="0">(OCoLC)fst00850410</subfield></datafield><datafield ind1=" " ind2="7" tag="651"><subfield code="a">United States.</subfield><subfield code="2">fast</subfield><subfield code="0">(OCoLC)fst01204155</subfield></datafield><datafield ind1="1" ind2=" " tag="700"><subfield code="a">McGee, Thomas D'Arcy,</subfield><subfield code="d">1825-1868.</subfield></datafield><datafield ind1=" " ind2=" " tag="752"><subfield code="a">United States</subfield><subfield code="b">Massachusetts</subfield><subfield code="c">Suffolk</subfield><subfield code="d">Boston.</subfield></datafield><datafield ind1="0" ind2="7" tag="785"><subfield code="t">Adopted citizen (Boston, Mass. : Semiweekly)</subfield><subfield code="w">(DLC)sn 83021051</subfield></datafield><datafield ind1="0" ind2="7" tag="785"><subfield code="t">American Celt, and adopted citizen</subfield><subfield code="w">(DLC)sn 83021053</subfield></datafield></record>